@inproceedings{Kocher2018spectre,
 author = {Paul Kocher and Jann Horn and Anders Fogh and and Daniel Genkin and Daniel Gruss and Werner Haas and Mike Hamburg and Moritz Lipp and Stefan Mangard and Thomas Prescher and Michael Schwarz and Yuval Yarom},
 title = {Spectre Attacks: Exploiting Speculative Execution},
 booktitle = {40th IEEE Symposium on Security and Privacy (S\&P'19)},
 year = {2019},
}

@inproceedings{Lipp2018meltdown,
 author = {Moritz Lipp and Michael Schwarz and Daniel Gruss and Thomas Prescher and Werner Haas and Anders Fogh and Jann Horn and Stefan Mangard and Paul Kocher and Daniel Genkin and Yuval Yarom and Mike Hamburg},
 title = {Meltdown: Reading Kernel Memory from User Space},
 booktitle = {27th {USENIX} Security Symposium ({USENIX} Security 18)},
 year = {2018},
}
@misc{intelreport,
   title={{Intel Corporation, 2017 Annual Report}},
   howpublished={\url{https://bit.ly/2pkjeqq}},
   month={February},
   year={2018}
}

@article{schaller1997moore, title={Moore's law: past, present and future}, author={Schaller, Robert R},
  journal={IEEE spectrum},
  volume={34},
  number={6},
  pages={52--59},
  year={1997},
  publisher={IEEE}
}
@article{simakov2018effect,
  title={Effect of Meltdown and Spectre Patches on the Performance of HPC Applications},
  author={Simakov, Nikolay A and Innus, Martins D and Jones, Matthew D and White, Joseph P and Gallo, Steven M and DeLeon, Robert L and Furlani, Thomas R},
  journal={arXiv preprint arXiv:1801.04329},
  year={2018}
}
@inproceedings{prout2018measuring,
  title={Measuring the Impact of Spectre and Meltdown},
  author={Prout, Andrew and Arcand, William and Bestor, David and Bergeron, Bill and Byun, Chansup and Gadepally, Vijay and Houle, Michael and Hubbell, Matthew and Jones, Michael and Klein, Anna and others},
  booktitle={2018 IEEE High Performance extreme Computing Conference (HPEC)},
  pages={1--5},
  year={2018},
  organization={IEEE}
}
@article{low2018overview,
  title={Overview of Meltdown and Spectre patches and their impacts},
  author={L{\"o}w, Marc},
  journal={Advanced Microkernel Operating Systems},
  pages={53},
  year={2018}
}
